@article{Shen:2016zpp,
      author         = "Shen, Chun and Paquet, Jean-François and Denicol,
                        Gabriel S. and Jeon, Sangyong and Gale, Charles",
      title          = "{Collectivity and electromagnetic radiation in small
                        systems}",
      journal        = "Phys. Rev.",
      volume         = "C95",
      year           = "2017",
      number         = "1",
      pages          = "014906",
      doi            = "10.1103/PhysRevC.95.014906",
      eprint         = "1609.02590",
      archivePrefix  = "arXiv",
      primaryClass   = "nucl-th",
      SLACcitation   = "%%CITATION = ARXIV:1609.02590;%%"
}

@article{Adare:2015bua,
      author         = "Adare, A. and others",
      title          = "{Transverse energy production and charged-particle
                        multiplicity at midrapidity in various systems from
                        $\sqrt{s_{NN}}=7.7$ to 200 GeV}",
      collaboration  = "PHENIX",
      journal        = "Phys. Rev.",
      volume         = "C93",
      year           = "2016",
      number         = "2",
      pages          = "024901",
      doi            = "10.1103/PhysRevC.93.024901",
      eprint         = "1509.06727",
      archivePrefix  = "arXiv",
      primaryClass   = "nucl-ex",
      SLACcitation   = "%%CITATION = ARXIV:1509.06727;%%"
}

@article{Schenke:2014tga,
      author         = "Schenke, Bjoern and Tribedy, Prithwish and Venugopalan,
                        Raju",
      title          = "{Initial-state geometry and fluctuations in Au + Au,
                        Cu + Au, and U + U collisions at energies
                        available at the BNL Relativistic Heavy Ion Collider}",
      journal        = "Phys. Rev.",
      volume         = "C89",
      year           = "2014",
      number         = "6",
      pages          = "064908",
      doi            = "10.1103/PhysRevC.89.064908",
      eprint         = "1403.2232",
      archivePrefix  = "arXiv",
      primaryClass   = "nucl-th",
      SLACcitation   = "%%CITATION = ARXIV:1403.2232;%%"
}

@article{Aidala:2018mcw,
      author         = "Aidala, C. and others",
      title          = "{Creating small circular, elliptical, and triangular
                        droplets of quark-gluon plasma}",
      collaboration  = "PHENIX",
      year           = "2018",
      eprint         = "1805.02973",
      archivePrefix  = "arXiv",
      primaryClass   = "nucl-ex",
      SLACcitation   = "%%CITATION = ARXIV:1805.02973;%%"
}

@article{Adare:2017wlc,
      author         = "Adare, A. and others",
      title          = "{Measurements of mass-dependent azimuthal anisotropy in
                        central $p$$+$Au, $d$$+$Au, and $^3$He$+$Au collisions at
                        $\sqrt{s_{_{NN}}}=200$ GeV}",
      collaboration  = "PHENIX",
      journal        = "Phys. Rev.",
      volume         = "C97",
      year           = "2018",
      pages          = "064904",
      doi            = "10.1103/PhysRevC.97.064904",
      eprint         = "1710.09736",
      archivePrefix  = "arXiv",
      primaryClass   = "nucl-ex",
      SLACcitation   = "%%CITATION = ARXIV:1710.09736;%%"
}

@article{Aidala:2017ajz,
      author         = "Aidala, C. and others",
      title          = "{Measurements of Multiparticle Correlations in
                        $d+\mathrm{Au}$ Collisions at 200, 62.4, 39, and 19.6 GeV
                        and $p+\mathrm{Au}$ Collisions at 200 GeV and Implications
                        for Collective Behavior}",
      collaboration  = "PHENIX",
      journal        = "Phys. Rev. Lett.",
      volume         = "120",
      year           = "2018",
      number         = "6",
      pages          = "062302",
      doi            = "10.1103/PhysRevLett.120.062302",
      eprint         = "1707.06108",
      archivePrefix  = "arXiv",
      primaryClass   = "nucl-ex",
      SLACcitation   = "%%CITATION = ARXIV:1707.06108;%%"
}

@article{Adamczyk:2015obl,
      author         = "Adamczyk, L. and others",
      title          = "{Azimuthal anisotropy in U$+$U and Au$+$Au collisions at
                        RHIC}",
      collaboration  = "STAR",
      journal        = "Phys. Rev. Lett.",
      volume         = "115",
      year           = "2015",
      number         = "22",
      pages          = "222301",
      doi            = "10.1103/PhysRevLett.115.222301",
      eprint         = "1505.07812",
      archivePrefix  = "arXiv",
      primaryClass   = "nucl-ex",
      SLACcitation   = "%%CITATION = ARXIV:1505.07812;%%"
}

@article{Abelev:2012ola,
      author         = "Abelev, Betty and others",
      title          = "{Long-range angular correlations on the near and away
                        side in $p$-Pb collisions at $\sqrt{s_{NN}}=5.02$ TeV}",
      collaboration  = "ALICE",
      journal        = "Phys. Lett.",
      volume         = "B719",
      year           = "2013",
      pages          = "29-41",
      doi            = "10.1016/j.physletb.2013.01.012",
      eprint         = "1212.2001",
      archivePrefix  = "arXiv",
      primaryClass   = "nucl-ex",
      reportNumber   = "CERN-PH-EP-2012-359",
      SLACcitation   = "%%CITATION = ARXIV:1212.2001;%%"
}

@article{CMS:2012qk,
      author         = "Chatrchyan, Serguei and others",
      title          = "{Observation of long-range near-side angular correlations
                        in proton-lead collisions at the LHC}",
      collaboration  = "CMS",
      journal        = "Phys. Lett.",
      volume         = "B718",
      year           = "2013",
      pages          = "795-814",
      doi            = "10.1016/j.physletb.2012.11.025",
      eprint         = "1210.5482",
      archivePrefix  = "arXiv",
      primaryClass   = "nucl-ex",
      reportNumber   = "CMS-HIN-12-005, CERN-PH-EP-2012-320, CMS-HIN-12-015",
      SLACcitation   = "%%CITATION = ARXIV:1210.5482;%%"
}

@article{Aad:2012gla,
      author         = "Aad, Georges and others",
      title          = "{Observation of Associated Near-Side and Away-Side
                        Long-Range Correlations in $\sqrt{s_{NN}}$=5.02  TeV
                        Proton-Lead Collisions with the ATLAS Detector}",
      collaboration  = "ATLAS",
      journal        = "Phys. Rev. Lett.",
      volume         = "110",
      year           = "2013",
      number         = "18",
      pages          = "182302",
      doi            = "10.1103/PhysRevLett.110.182302",
      eprint         = "1212.5198",
      archivePrefix  = "arXiv",
      primaryClass   = "hep-ex",
      reportNumber   = "CERN-PH-EP-2012-366",
      SLACcitation   = "%%CITATION = ARXIV:1212.5198;%%"
}

@article{Adare:2015ctn,
      author         = "Adare, A. and others",
      title          = "{Measurements of elliptic and triangular flow in
                        high-multiplicity $^{3}$He$+$Au collisions at
                        $\sqrt{s_{_{NN}}}=200$ GeV}",
      collaboration  = "PHENIX",
      journal        = "Phys. Rev. Lett.",
      volume         = "115",
      year           = "2015",
      number         = "14",
      pages          = "142301",
      doi            = "10.1103/PhysRevLett.115.142301",
      eprint         = "1507.06273",
      archivePrefix  = "arXiv",
      primaryClass   = "nucl-ex",
      SLACcitation   = "%%CITATION = ARXIV:1507.06273;%%"
}

@article{Adare:2006ti,
      author         = "Adare, A. and others",
      title          = "{Scaling properties of azimuthal anisotropy in Au+Au and
                        Cu+Cu collisions at s(NN) = 200-GeV}",
      collaboration  = "PHENIX",
      journal        = "Phys. Rev. Lett.",
      volume         = "98",
      year           = "2007",
      pages          = "162301",
      doi            = "10.1103/PhysRevLett.98.162301",
      eprint         = "nucl-ex/0608033",
      archivePrefix  = "arXiv",
      primaryClass   = "nucl-ex",
      SLACcitation   = "%%CITATION = NUCL-EX/0608033;%%"
}

@article{Aaron:2009aa,
      author         = "Aaron, F. D. and others",
      title          = "{Combined Measurement and QCD Analysis of the Inclusive
                        e+- p Scattering Cross Sections at HERA}",
      collaboration  = "ZEUS, H1",
      journal        = "JHEP",
      volume         = "01",
      year           = "2010",
      pages          = "109",
      doi            = "10.1007/JHEP01(2010)109",
      eprint         = "0911.0884",
      archivePrefix  = "arXiv",
      primaryClass   = "hep-ex",
      reportNumber   = "DESY-09-158",
      SLACcitation   = "%%CITATION = ARXIV:0911.0884;%%"
}

@article{Abramowicz:2015mha,
      author         = "Abramowicz, H. and others",
      title          = "{Combination of measurements of inclusive deep inelastic
                        ${e^{\pm }p}$ scattering cross sections and QCD analysis
                        of HERA data}",
      collaboration  = "ZEUS, H1",
      journal        = "Eur. Phys. J.",
      volume         = "C75",
      year           = "2015",
      number         = "12",
      pages          = "580",
      doi            = "10.1140/epjc/s10052-015-3710-4",
      eprint         = "1506.06042",
      archivePrefix  = "arXiv",
      primaryClass   = "hep-ex",
      reportNumber   = "DESY-15-039",
      SLACcitation   = "%%CITATION = ARXIV:1506.06042;%%"
}

@article{Mantysaari:2016ykx,
      author         = "Mäntysaari, Heikki and Schenke, Björn",
      title          = "{Evidence of strong proton shape fluctuations from
                        incoherent diffraction}",
      journal        = "Phys. Rev. Lett.",
      volume         = "117",
      year           = "2016",
      number         = "5",
      pages          = "052301",
      doi            = "10.1103/PhysRevLett.117.052301",
      eprint         = "1603.04349",
      archivePrefix  = "arXiv",
      primaryClass   = "hep-ph",
      SLACcitation   = "%%CITATION = ARXIV:1603.04349;%%"
}

@article{MOLLER1995185,
      title         = "Nuclear Ground-State Masses and Deformations",
      journal       = "Atomic Data and Nuclear Data Tables",
      volume        = "59",
      number        = "2",
      pages         = "185 - 381",
      year          = "1995",
      issn          = "0092-640X",
      doi           = "https://doi.org/10.1006/adnd.1995.1002",
      url           = "http://www.sciencedirect.com/science/article/pii/S0092640X85710029",
      author        = "P. Moller and J.R. Nix and W.D. Myers and W.J. Swiatecki"
}

@article{DEVRIES1987495,
      title         = "{Nuclear charge-density-distribution parameters from
                       elastic electron scattering}",
      journal       = "Atomic Data and Nuclear Data Tables",
      volume        = "36",
      number        = "3",
      pages         = "495 - 536",
      year          = "1987",
      issn          = "0092-640X",
      doi           = "https://doi.org/10.1016/0092-640X(87)90013-1",
      url           = "http://www.sciencedirect.com/science/article/pii/0092640X87900131",
      author        = "H. De Vries and C.W. De Jager and C. De Vries"
}

@article{Schenke:2014zha,
      author         = "Schenke, Björn and Venugopalan, Raju",
      title          = "{Eccentric protons? Sensitivity of flow to system size
                        and shape in p+p, p+Pb and Pb+Pb collisions}",
      journal        = "Phys. Rev. Lett.",
      volume         = "113",
      year           = "2014",
      pages          = "102301",
      doi            = "10.1103/PhysRevLett.113.102301",
      eprint         = "1405.3605",
      archivePrefix  = "arXiv",
      primaryClass   = "nucl-th",
      SLACcitation   = "%%CITATION = ARXIV:1405.3605;%%"
}

@article{Welsh:2016siu,
      author         = "Welsh, Kevin and Singer, Jordan and Heinz, Ulrich W.",
      title          = "{Initial state fluctuations in collisions between light
                        and heavy ions}",
      journal        = "Phys. Rev.",
      volume         = "C94",
      year           = "2016",
      number         = "2",
      pages          = "024919",
      doi            = "10.1103/PhysRevC.94.024919",
      eprint         = "1605.09418",
      archivePrefix  = "arXiv",
      primaryClass   = "nucl-th",
      SLACcitation   = "%%CITATION = ARXIV:1605.09418;%%"
}

@article{Moreland:2017kdx,
      author         = "Moreland, J. Scott and Bernhard, Jonah E. and Ke, Weiyao
                        and Bass, Steffen A.",
      title          = "{Flow in small and large quark-gluon plasma droplets: the
                        role of nucleon substructure}",
      booktitle      = "{Proceedings, 26th International Conference on
                        Ultra-relativistic Nucleus-Nucleus Collisions (Quark
                        Matter 2017): Chicago, Illinois, USA, February 5-11,
                        2017}",
      journal        = "Nucl. Phys.",
      volume         = "A967",
      year           = "2017",
      pages          = "361-364",
      doi            = "10.1016/j.nuclphysa.2017.05.054",
      eprint         = "1704.04486",
      archivePrefix  = "arXiv",
      primaryClass   = "nucl-th",
      SLACcitation   = "%%CITATION = ARXIV:1704.04486;%%"
}

@article{Schenke:2014gaa,
      author         = "Schenke, Björn and Venugopalan, Raju",
      title          = "{Collective effects in light–heavy ion collisions}",
      booktitle      = "{Proceedings, 24th International Conference on
                        Ultra-Relativistic Nucleus-Nucleus Collisions (Quark
                        Matter 2014): Darmstadt, Germany, May 19-24, 2014}",
      journal        = "Nucl. Phys.",
      volume         = "A931",
      year           = "2014",
      pages          = "1039-1044",
      doi            = "10.1016/j.nuclphysa.2014.08.092",
      eprint         = "1407.7557",
      archivePrefix  = "arXiv",
      primaryClass   = "nucl-th",
      SLACcitation   = "%%CITATION = ARXIV:1407.7557;%%"
}

@article{Albacete:2016gxu,
      author         = "Albacete, Javier L. and Petersen, Hannah and Soto-Ontoso,
                        Alba",
      title          = "{Correlated wounded hot spots in proton-proton
                        interactions}",
      journal        = "Phys. Rev.",
      volume         = "C95",
      year           = "2017",
      number         = "6",
      pages          = "064909",
      doi            = "10.1103/PhysRevC.95.064909",
      eprint         = "1612.06274",
      archivePrefix  = "arXiv",
      primaryClass   = "hep-ph",
      SLACcitation   = "%%CITATION = ARXIV:1612.06274;%%"
}

@article{Albacete:2016pmp,
      author         = "Albacete, Javier L. and Soto-Ontoso, Alba",
      title          = "{Hot spots and the hollowness of proton–proton
                        interactions at high energies}",
      journal        = "Phys. Lett.",
      volume         = "B770",
      year           = "2017",
      pages          = "149-153",
      doi            = "10.1016/j.physletb.2017.04.055",
      eprint         = "1605.09176",
      archivePrefix  = "arXiv",
      primaryClass   = "hep-ph",
      SLACcitation   = "%%CITATION = ARXIV:1605.09176;%%"
}

@Article{Arriola2016,
      author        = "Arriola, Enrique Ruiz and Broniowski, Wojciech",
      title         = "{Proton--Proton On Shell Optical Potential at High Energies
                       and the Hollowness Effect}",
      journal       = "Few-Body Systems",
      year          = "2016",
      month         = "Jul",
      day           = "01",
      volume        = "57",
      number        = "7",
      pages         = "485--490",
      issn          = "1432-5411",
      doi           = "10.1007/s00601-016-1095-z",
      url           = "https://doi.org/10.1007/s00601-016-1095-z"
}

@article{Antchev:2011zz,
      author         = "Antchev, G. and others",
      title          = "{Proton-proton elastic scattering at the LHC energy of
                        s** (1/2) = 7-TeV}",
      collaboration  = "TOTEM",
      journal        = "EPL",
      volume         = "95",
      year           = "2011",
      number         = "4",
      pages          = "41001",
      doi            = "10.1209/0295-5075/95/41001",
      eprint         = "1110.1385",
      archivePrefix  = "arXiv",
      primaryClass   = "hep-ex",
      reportNumber   = "CERN-PH-EP-2011-101",
      SLACcitation   = "%%CITATION = ARXIV:1110.1385;%%"
}

@article{Schlichting:2014ipa,
      author         = "Schlichting, Sören and Schenke, Björn",
      title          = "{The shape of the proton at high energies}",
      journal        = "Phys. Lett.",
      volume         = "B739",
      year           = "2014",
      pages          = "313-319",
      doi            = "10.1016/j.physletb.2014.10.068",
      eprint         = "1407.8458",
      archivePrefix  = "arXiv",
      primaryClass   = "hep-ph",
      SLACcitation   = "%%CITATION = ARXIV:1407.8458;%%"
}

@article{Novak:2013bqa,
      author         = "Novak, John and Novak, Kevin and Pratt, Scott and
                        Vredevoogd, Joshua and Coleman-Smith, Chris and Wolpert,
                        Robert",
      title          = "{Determining Fundamental Properties of Matter Created in
                        Ultrarelativistic Heavy-Ion Collisions}",
      journal        = "Phys. Rev.",
      volume         = "C89",
      year           = "2014",
      number         = "3",
      pages          = "034917",
      doi            = "10.1103/PhysRevC.89.034917",
      eprint         = "1303.5769",
      archivePrefix  = "arXiv",
      primaryClass   = "nucl-th",
      SLACcitation   = "%%CITATION = ARXIV:1303.5769;%%"
}

@article{Pratt:2015zsa,
      author         = "Pratt, Scott and Sangaline, Evan and Sorensen, Paul and
                        Wang, Hui",
      title          = "{Constraining the Eq. of State of Super-Hadronic Matter
                        from Heavy-Ion Collisions}",
      journal        = "Phys. Rev. Lett.",
      volume         = "114",
      year           = "2015",
      pages          = "202301",
      doi            = "10.1103/PhysRevLett.114.202301",
      eprint         = "1501.04042",
      archivePrefix  = "arXiv",
      primaryClass   = "nucl-th",
      SLACcitation   = "%%CITATION = ARXIV:1501.04042;%%"
}

@article{Sangaline:2015isa,
      author         = "Sangaline, Evan and Pratt, Scott",
      title          = "{Toward a deeper understanding of how experiments
                        constrain the underlying physics of heavy-ion collisions}",
      journal        = "Phys. Rev.",
      volume         = "C93",
      year           = "2016",
      number         = "2",
      pages          = "024908",
      doi            = "10.1103/PhysRevC.93.024908",
      eprint         = "1508.07017",
      archivePrefix  = "arXiv",
      primaryClass   = "nucl-th",
      SLACcitation   = "%%CITATION = ARXIV:1508.07017;%%"
}

@article{Heinz:2015arc,
      author         = "Heinz, Ulrich W. and Liu, Jia",
      title          = "{Pre-equilibrium dynamics and heavy-ion observables}",
      booktitle      = "{Proceedings, 25th International Conference on
                        Ultra-Relativistic Nucleus-Nucleus Collisions (Quark
                        Matter 2015): Kobe, Japan, September 27-October 3, 2015}",
      journal        = "Nucl. Phys.",
      volume         = "A956",
      year           = "2016",
      pages          = "549-552",
      doi            = "10.1016/j.nuclphysa.2016.01.065",
      eprint         = "1512.08276",
      archivePrefix  = "arXiv",
      primaryClass   = "nucl-th",
      SLACcitation   = "%%CITATION = ARXIV:1512.08276;%%"
}

@phdthesis{ColemanSmith:2014,
      author         = "Coleman-Smith, Christopher",
      title          = "{Using Gaussian Processes for the Calibration and Exploration
                        of Complex Computer Models}",
      school         = "Duke U.",
      year           = "2014-05-14",
      url            = "http://hdl.handle.net/10161/8782",
}

@article{Bernhard:2015hxa,
      author         = "Bernhard, Jonah E. and Marcy, Peter W. and Coleman-Smith,
                        Christopher E. and Huzurbazar, Snehalata and Wolpert,
                        Robert L. and Bass, Steffen A.",
      title          = "{Quantifying properties of hot and dense QCD matter
                        through systematic model-to-data comparison}",
      journal        = "Phys. Rev.",
      volume         = "C91",
      year           = "2015",
      number         = "5",
      pages          = "054910",
      doi            = "10.1103/PhysRevC.91.054910",
      eprint         = "1502.00339",
      archivePrefix  = "arXiv",
      primaryClass   = "nucl-th",
      SLACcitation   = "%%CITATION = ARXIV:1502.00339;%%"
}

@article{Bernhard:2016tnd,
      author         = "Bernhard, Jonah E. and Moreland, J. Scott and Bass,
                        Steffen A. and Liu, Jia and Heinz, Ulrich",
      title          = "{Applying Bayesian parameter estimation to relativistic
                        heavy-ion collisions: simultaneous characterization of the
                        initial state and quark-gluon plasma medium}",
      journal        = "Phys. Rev.",
      volume         = "C94",
      year           = "2016",
      number         = "2",
      pages          = "024907",
      doi            = "10.1103/PhysRevC.94.024907",
      eprint         = "1605.03954",
      archivePrefix  = "arXiv",
      primaryClass   = "nucl-th",
      SLACcitation   = "%%CITATION = ARXIV:1605.03954;%%"
}

@article{Ke:2016jrd,
      author         = "Ke, Weiyao and Moreland, J. Scott and Bernhard, Jonah E.
                        and Bass, Steffen A.",
      title          = "{Constraints on rapidity-dependent initial conditions
                        from charged particle pseudorapidity densities and
                        two-particle correlations}",
      journal        = "Phys. Rev.",
      volume         = "C96",
      year           = "2017",
      number         = "4",
      pages          = "044912",
      doi            = "10.1103/PhysRevC.96.044912",
      eprint         = "1610.08490",
      archivePrefix  = "arXiv",
      primaryClass   = "nucl-th",
      SLACcitation   = "%%CITATION = ARXIV:1610.08490;%%"
}

@article{Auvinen:2017fjw,
      author         = "Auvinen, Jussi and Bernhard, Jonah E. and Bass, Steffen
                        A. and Karpenko, Iurii",
      title          = "{Investigating the collision energy dependence of
                        $\eta$/s in the beam energy scan at the BNL Relativistic
                        Heavy Ion Collider using Bayesian statistics}",
      journal        = "Phys. Rev.",
      volume         = "C97",
      year           = "2018",
      number         = "4",
      pages          = "044905",
      doi            = "10.1103/PhysRevC.97.044905",
      eprint         = "1706.03666",
      archivePrefix  = "arXiv",
      primaryClass   = "hep-ph",
      SLACcitation   = "%%CITATION = ARXIV:1706.03666;%%"
}

@article{Xu:2017obm,
      author         = "Xu, Yingru and Bernhard, Jonah E. and Bass, Steffen A.
                        and Nahrgang, Marlene and Cao, Shanshan",
      title          = "{Data-driven analysis for the temperature and momentum
                        dependence of the heavy-quark diffusion coefficient in
                        relativistic heavy-ion collisions}",
      journal        = "Phys. Rev.",
      volume         = "C97",
      year           = "2018",
      number         = "1",
      pages          = "014907",
      doi            = "10.1103/PhysRevC.97.014907",
      eprint         = "1710.00807",
      archivePrefix  = "arXiv",
      primaryClass   = "nucl-th",
      SLACcitation   = "%%CITATION = ARXIV:1710.00807;%%"
}

@phdthesis{Bernhard:2018hnz,
      author         = "Bernhard, Jonah E.",
      title          = "{Bayesian parameter estimation for relativistic heavy-ion
                        collisions}",
      school         = "Duke U.",
      year           = "2018-04-19",
      url            = "https://inspirehep.net/record/1669345/files/1804.06469.pdf",
      eprint         = "1804.06469",
      archivePrefix  = "arXiv",
      primaryClass   = "nucl-th",
      SLACcitation   = "%%CITATION = ARXIV:1804.06469;%%"
}

@article{deSouza:2015ena,
      author         = "Derradi de Souza, R. and Koide, Tomoi and Kodama,
                        Takeshi",
      title          = "{Hydrodynamic Approaches in Relativistic Heavy Ion
                        Reactions}",
      journal        = "Prog. Part. Nucl. Phys.",
      volume         = "86",
      year           = "2016",
      pages          = "35-85",
      doi            = "10.1016/j.ppnp.2015.09.002",
      eprint         = "1506.03863",
      archivePrefix  = "arXiv",
      primaryClass   = "nucl-th",
      SLACcitation   = "%%CITATION = ARXIV:1506.03863;%%"
}

@article{Song:2011hk,
      author         = "Song, Huichao and Bass, Steffen A. and Heinz, Ulrich and
                        Hirano, Tetsufumi and Shen, Chun",
      title          = "{Hadron spectra and elliptic flow for 200 A GeV Au+Au
                        collisions from viscous hydrodynamics coupled to a
                        Boltzmann cascade}",
      journal        = "Phys. Rev.",
      volume         = "C83",
      year           = "2011",
      pages          = "054910",
      doi            = "10.1103/PhysRevC.83.054910, 10.1103/PhysRevC.86.059903",
      note           = "[Erratum: Phys. Rev.C86,059903(2012)]",
      eprint         = "1101.4638",
      archivePrefix  = "arXiv",
      primaryClass   = "nucl-th",
      SLACcitation   = "%%CITATION = ARXIV:1101.4638;%%"
}

@article{Retinskaya:2013gca,
      author         = "Retinskaya, Ekaterina and Luzum, Matthew and Ollitrault,
                        Jean-Yves",
      title          = "{Constraining models of initial conditions with elliptic
                        and triangular flow data}",
      journal        = "Phys. Rev.",
      volume         = "C89",
      year           = "2014",
      number         = "1",
      pages          = "014902",
      doi            = "10.1103/PhysRevC.89.014902",
      eprint         = "1311.5339",
      archivePrefix  = "arXiv",
      primaryClass   = "nucl-th",
      reportNumber   = "SACLAY-T13-261",
      SLACcitation   = "%%CITATION = ARXIV:1311.5339;%%"
}


@article{Adler:2013aqf,
      author         = "Adler, S. S. and others",
      title          = "{Transverse-energy distributions at midrapidity in p+p ,
                        d+Au , and Au+Au collisions at $\sqrt{s_{NN}}=62.4–200$
                        GeV and implications for particle-production models}",
      collaboration  = "PHENIX",
      journal        = "Phys. Rev.",
      volume         = "C89",
      year           = "2014",
      number         = "4",
      pages          = "044905",
      doi            = "10.1103/PhysRevC.89.044905",
      eprint         = "1312.6676",
      archivePrefix  = "arXiv",
      primaryClass   = "nucl-ex",
      SLACcitation   = "%%CITATION = ARXIV:1312.6676;%%"
}

@article{Mitchell:2016jio,
      author         = "Mitchell, J. T. and Perepelitsa, D. V. and Tannenbaum, M.
                        J. and Stankus, P. W.",
      title          = "{Tests of constituent-quark generation methods which
                        maintain both the nucleon center of mass and the desired
                        radial distribution in Monte Carlo Glauber models}",
      journal        = "Phys. Rev.",
      volume         = "C93",
      year           = "2016",
      number         = "5",
      pages          = "054910",
      doi            = "10.1103/PhysRevC.93.054910",
      eprint         = "1603.08836",
      archivePrefix  = "arXiv",
      primaryClass   = "nucl-ex",
      SLACcitation   = "%%CITATION = ARXIV:1603.08836;%%"
}

@article{Liu:2015nwa,
      author         = "Liu, Jia and Shen, Chun and Heinz, Ulrich",
      title          = "{Pre-equilibrium evolution effects on heavy-ion collision
                        observables}",
      journal        = "Phys. Rev.",
      volume         = "C91",
      year           = "2015",
      number         = "6",
      pages          = "064906",
      doi            = "10.1103/PhysRevC.92.049904, 10.1103/PhysRevC.91.064906",
      note           = "[Erratum: Phys. Rev.C92,no.4,049904(2015)]",
      eprint         = "1504.02160",
      archivePrefix  = "arXiv",
      primaryClass   = "nucl-th",
      SLACcitation   = "%%CITATION = ARXIV:1504.02160;%%"
}

@article{Niemi:2014lha,
      author         = "Niemi, Harri",
      title          = "{Collective dynamics in relativistic nuclear collisions}",
      booktitle      = "{Proceedings, 24th International Conference on
                        Ultra-Relativistic Nucleus-Nucleus Collisions (Quark
                        Matter 2014): Darmstadt, Germany, May 19-24, 2014}",
      journal        = "Nucl. Phys.",
      volume         = "A931",
      year           = "2014",
      pages          = "227-237",
      doi            = "10.1016/j.nuclphysa.2014.09.100",
      SLACcitation   = "%%CITATION = NUPHA,A931,227;%%"
}

@article{Kurkela:2016vts,
      author         = "Kurkela, Aleksi",
      title          = "{Initial state of Heavy-Ion Collisions: Isotropization
                        and thermalization}",
      booktitle      = "{Proceedings, 25th International Conference on
                        Ultra-Relativistic Nucleus-Nucleus Collisions (Quark
                        Matter 2015): Kobe, Japan, September 27-October 3, 2015}",
      journal        = "Nucl. Phys.",
      volume         = "A956",
      year           = "2016",
      pages          = "136-143",
      doi            = "10.1016/j.nuclphysa.2016.01.069",
      eprint         = "1601.03283",
      archivePrefix  = "arXiv",
      primaryClass   = "hep-ph",
      SLACcitation   = "%%CITATION = ARXIV:1601.03283;%%"
}

@article{Ollitrault:2012cm,
      author         = "Ollitrault, Jean-Yves and Gardim, Fernando G.",
      title          = "{Hydro overview}",
      booktitle      = "{Proceedings, 23rd International Conference on
                        Ultrarelativistic Nucleus-Nucleus Collisions : Quark
                        Matter 2012 (QM 2012): Washington, DC, USA, August 13-18,
                        2012}",
      journal        = "Nucl. Phys.",
      volume         = "A904-905",
      year           = "2013",
      pages          = "75c-82c",
      doi            = "10.1016/j.nuclphysa.2013.01.047",
      eprint         = "1210.8345",
      archivePrefix  = "arXiv",
      primaryClass   = "nucl-th",
      reportNumber   = "SACLAY-T12-104",
      SLACcitation   = "%%CITATION = ARXIV:1210.8345;%%"
}

@article{Song:2012ua,
      author         = "Song, Huichao",
      title          = "{QGP viscosity at RHIC and the LHC - a 2012 status
                        report}",
      booktitle      = "{Proceedings, 23rd International Conference on
                        Ultrarelativistic Nucleus-Nucleus Collisions : Quark
                        Matter 2012 (QM 2012): Washington, DC, USA, August 13-18,
                        2012}",
      journal        = "Nucl. Phys.",
      volume         = "A904-905",
      year           = "2013",
      pages          = "114c-121c",
      doi            = "10.1016/j.nuclphysa.2013.01.052",
      eprint         = "1210.5778",
      archivePrefix  = "arXiv",
      primaryClass   = "nucl-th",
      SLACcitation   = "%%CITATION = ARXIV:1210.5778;%%"
}

@article{Moreland:2014oya,
      author         = "Moreland, J. Scott and Bernhard, Jonah E. and Bass,
                        Steffen A.",
      title          = "{Alternative ansatz to wounded nucleon and binary
                        collision scaling in high-energy nuclear collisions}",
      journal        = "Phys. Rev.",
      volume         = "C92",
      year           = "2015",
      number         = "1",
      pages          = "011901",
      doi            = "10.1103/PhysRevC.92.011901",
      eprint         = "1412.4708",
      archivePrefix  = "arXiv",
      primaryClass   = "nucl-th",
      SLACcitation   = "%%CITATION = ARXIV:1412.4708;%%"
}

@article{Broniowski:2008qk,
      author         = "Broniowski, Wojciech and Florkowski, Wojciech and
                        Chojnacki, Mikolaj and Kisiel, Adam",
      title          = "{Free-streaming approximation in early dynamics of
                        relativistic heavy-ion collisions}",
      journal        = "Phys. Rev.",
      volume         = "C80",
      year           = "2009",
      pages          = "034902",
      doi            = "10.1103/PhysRevC.80.034902",
      eprint         = "0812.3393",
      archivePrefix  = "arXiv",
      primaryClass   = "nucl-th",
      SLACcitation   = "%%CITATION = ARXIV:0812.3393;%%"
}

@article{Denicol:2014vaa,
      author         = "Denicol, G. S. and Jeon, S. and Gale, C.",
      title          = "{Transport Coefficients of Bulk Viscous Pressure in the
                        14-moment approximation}",
      journal        = "Phys. Rev.",
      volume         = "C90",
      year           = "2014",
      number         = "2",
      pages          = "024912",
      doi            = "10.1103/PhysRevC.90.024912",
      eprint         = "1403.0962",
      archivePrefix  = "arXiv",
      primaryClass   = "nucl-th",
      SLACcitation   = "%%CITATION = ARXIV:1403.0962;%%"
}


@article{Israel:1979wp,
      author         = "Israel, W. and Stewart, J. M.",
      title          = "{Transient relativistic thermodynamics and kinetic
                        theory}",
      journal        = "Annals Phys.",
      volume         = "118",
      year           = "1979",
      pages          = "341-372",
      doi            = "10.1016/0003-4916(79)90130-1",
      SLACcitation   = "%%CITATION = APNYA,118,341;%%"
}

@article{Israel:1976aa,
      author         = "Israel, W. and Stewart, J.M.",
      title          = "{Thermodynamics of nonstationary and transient effects
                        in a relativistic gas}",
      journal        = "Phys. Lett.",
      volume         = "A58",
      year           = "1976",
      number         = "4",
      pages          = "213-215",
      doi            = "10.1016/0375-9601(76)90075-X",
}

@article{Denicol:2012cn,
      author         = "Denicol, G. S. and Niemi, H. and Molnar, E. and Rischke,
                        D. H.",
      title          = "{Derivation of transient relativistic fluid dynamics from
                        the Boltzmann equation}",
      journal        = "Phys. Rev.",
      volume         = "D85",
      year           = "2012",
      pages          = "114047",
      doi            = "10.1103/PhysRevD.85.114047, 10.1103/PhysRevD.91.039902",
      note           = "[Erratum: Phys. Rev.D91,no.3,039902(2015)]",
      eprint         = "1202.4551",
      archivePrefix  = "arXiv",
      primaryClass   = "nucl-th",
      SLACcitation   = "%%CITATION = ARXIV:1202.4551;%%"
}

@article{Denicol:2010xn,
      author         = "Denicol, G. S. and Koide, T. and Rischke, D. H.",
      title          = "{Dissipative relativistic fluid dynamics: a new way to
                        derive the equations of motion from kinetic theory}",
      journal        = "Phys. Rev. Lett.",
      volume         = "105",
      year           = "2010",
      pages          = "162501",
      doi            = "10.1103/PhysRevLett.105.162501",
      eprint         = "1004.5013",
      archivePrefix  = "arXiv",
      primaryClass   = "nucl-th",
      SLACcitation   = "%%CITATION = ARXIV:1004.5013;%%"
}

@article{Noronha-Hostler:2018zxc,
      author         = "Noronha-Hostler, J. and Ratti, C.",
      title          = "{Signatures of thermalized charm quarks in all charged
                        flow observables}",
      year           = "2018",
      eprint         = "1804.10661",
      archivePrefix  = "arXiv",
      primaryClass   = "nucl-th",
      SLACcitation   = "%%CITATION = ARXIV:1804.10661;%%"
}

@article{Bazavov:2014pvz,
      author         = "Bazavov, A. and others",
      title          = "{Equation of state in ( 2+1 )-flavor QCD}",
      collaboration  = "HotQCD",
      journal        = "Phys. Rev.",
      volume         = "D90",
      year           = "2014",
      pages          = "094503",
      doi            = "10.1103/PhysRevD.90.094503",
      eprint         = "1407.6387",
      archivePrefix  = "arXiv",
      primaryClass   = "hep-lat",
      reportNumber   = "BNL-105928-2014-JA",
      SLACcitation   = "%%CITATION = ARXIV:1407.6387;%%"
}

@article{Borsanyi:2016ksw,
      author         = "Borsanyi, Sz. and others",
      title          = "{Calculation of the axion mass based on high-temperature
                        lattice quantum chromodynamics}",
      journal        = "Nature",
      volume         = "539",
      year           = "2016",
      number         = "7627",
      pages          = "69-71",
      doi            = "10.1038/nature20115",
      eprint         = "1606.07494",
      archivePrefix  = "arXiv",
      primaryClass   = "hep-lat",
      reportNumber   = "DESY-16-105",
      SLACcitation   = "%%CITATION = ARXIV:1606.07494;%%"
}

@article{Vovchenko:2018fmh,
      author         = "Vovchenko, Volodymyr and Gorenstein, Mark I. and
                        Stoecker, Horst",
      title          = "{Finite resonance widths influence thermal model
                        description of hadron yields}",
      year           = "2018",
      eprint         = "1807.02079",
      archivePrefix  = "arXiv",
      primaryClass   = "nucl-th",
      SLACcitation   = "%%CITATION = ARXIV:1807.02079;%%"
}

@article{Sollfrank:1991xm,
      author         = "Sollfrank, Josef and Koch, Peter and Heinz, Ulrich W.",
      title          = "{Is there a low p(T) 'anomaly' in the pion momentum
                        spectra from relativistic nuclear collisions?}",
      journal        = "Z. Phys.",
      volume         = "C52",
      year           = "1991",
      pages          = "593-610",
      doi            = "10.1007/BF01562334",
      reportNumber   = "TPR-91-17",
      SLACcitation   = "%%CITATION = ZEPYA,C52,593;%%"
}

@article{Huovinen:2016xxq,
      author         = "Huovinen, Pasi and Lo, Pok Man and Marczenko, Michał and
                        Morita, Kenji and Redlich, Krzysztof and Sasaki, Chihiro",
      title          = "{Effects of ρ-meson width on pion distributions in
                        heavy-ion collisions}",
      journal        = "Phys. Lett.",
      volume         = "B769",
      year           = "2017",
      pages          = "509-512",
      doi            = "10.1016/j.physletb.2017.03.060",
      eprint         = "1608.06817",
      archivePrefix  = "arXiv",
      primaryClass   = "hep-ph",
      reportNumber   = "YITP-16-97",
      SLACcitation   = "%%CITATION = ARXIV:1608.06817;%%"
}


@article{PhysRevD.10.186,
      title          = {"Single-particle distribution in the hydrodynamic and
                        statistical thermodynamic models of multiparticle production},
      author         = "Cooper, Fred and Frye, Graham",
      journal        = "Phys. Rev. D",
      volume         = "10",
      issue          = "1",
      pages          = "186--189",
      numpages       = "0",
      year           = "1974",
      publisher      = "American Physical Society",
      doi            = "10.1103/PhysRevD.10.186",
}

@article{Pratt:2010jt,
      author         = "Pratt, Scott and Torrieri, Giorgio",
      title          = "{Coupling Relativistic Viscous Hydrodynamics to Boltzmann
                        Descriptions}",
      journal        = "Phys. Rev.",
      volume         = "C82",
      year           = "2010",
      pages          = "044901",
      doi            = "10.1103/PhysRevC.82.044901",
      eprint         = "1003.0413",
      archivePrefix  = "arXiv",
      primaryClass   = "nucl-th",
      SLACcitation   = "%%CITATION = ARXIV:1003.0413;%%"
}

@article{Bleicher:1999xi,
      author         = "Bleicher, M. and others",
      title          = "{Relativistic hadron hadron collisions in the
                        ultrarelativistic quantum molecular dynamics model}",
      journal        = "J. Phys.",
      volume         = "G25",
      year           = "1999",
      pages          = "1859-1896",
      doi            = "10.1088/0954-3899/25/9/308",
      eprint         = "hep-ph/9909407",
      archivePrefix  = "arXiv",
      primaryClass   = "hep-ph",
      SLACcitation   = "%%CITATION = HEP-PH/9909407;%%"
}
@article{Bass:1998ca,
      author         = "Bass, S. A. and others",
      title          = "{Microscopic models for ultrarelativistic heavy ion
                        collisions}",
      journal        = "Prog. Part. Nucl. Phys.",
      volume         = "41",
      year           = "1998",
      pages          = "255-369",
      doi            = "10.1016/S0146-6410(98)00058-1",
      note           = "[Prog. Part. Nucl. Phys.41,225(1998)]",
      eprint         = "nucl-th/9803035",
      archivePrefix  = "arXiv",
      primaryClass   = "nucl-th",
      SLACcitation   = "%%CITATION = NUCL-TH/9803035;%%"
}

@article{PDG:2017,
      author         = "C. Patrignani and Particle Data Group",
      title          = "Review of Particle Physics",
      journal        = "Chinese Physics C",
      volume         = "40",
      number         = "10",
      pages          = "100001",
      url            = "http://stacks.iop.org/1674-1137/40/i=10/a=100001",
      year           = "2016",
}

@inproceedings{Schenke:2018qmc,
      author         = "Schenke, Björn and Shen, Chun and Tribedy, Prithwish",
      title          = "Elucidating the properties of hot nuclear matter",
      booktitle      = "{27th International Conference on Ultrarelativistic
                        Nucleus-Nucleus Collisions (Quark Matter 2018) Venice,
                        Italy, May 14-19, 2018}",
      year           = "2018",
}


@article{Auvinen:2017fjw,
      author         = "Auvinen, Jussi and Bernhard, Jonah E. and Bass, Steffen
                        A. and Karpenko, Iurii",
      title          = "{Investigating the collision energy dependence of
                        $\eta$/s in the beam energy scan at the BNL Relativistic
                        Heavy Ion Collider using Bayesian statistics}",
      journal        = "Phys. Rev.",
      volume         = "C97",
      year           = "2018",
      number         = "4",
      pages          = "044905",
      doi            = "10.1103/PhysRevC.97.044905",
      eprint         = "1706.03666",
      archivePrefix  = "arXiv",
      primaryClass   = "hep-ph",
      SLACcitation   = "%%CITATION = ARXIV:1706.03666;%%"
}

@article{Xu:2017obm,
      author         = "Xu, Yingru and Bernhard, Jonah E. and Bass, Steffen A.
                        and Nahrgang, Marlene and Cao, Shanshan",
      title          = "{Data-driven analysis for the temperature and momentum
                        dependence of the heavy-quark diffusion coefficient in
                        relativistic heavy-ion collisions}",
      journal        = "Phys. Rev.",
      volume         = "C97",
      year           = "2018",
      number         = "1",
      pages          = "014907",
      doi            = "10.1103/PhysRevC.97.014907",
      eprint         = "1710.00807",
      archivePrefix  = "arXiv",
      primaryClass   = "nucl-th",
      SLACcitation   = "%%CITATION = ARXIV:1710.00807;%%"
}

@article{Shen:2014vra,
      author         = "Shen, Chun and Qiu, Zhi and Song, Huichao and Bernhard,
                        Jonah and Bass, Steffen and Heinz, Ulrich",
      title          = "{The iEBE-VISHNU code package for relativistic heavy-ion
                        collisions}",
      journal        = "Comput. Phys. Commun.",
      volume         = "19",
      year           = "2016",
      pages          = "61-85",
      doi            = "10.1016/j.cpc.2015.08.039",
      eprint         = "1409.8164",
      archivePrefix  = "arXiv",
      primaryClass   = "nucl-th",
      SLACcitation   = "%%CITATION = ARXIV:1409.8164;%%"
}

@article{Bozek:2010vz,
      author         = "Bozek, Piotr and Broniowski, Wojciech and Moreira, Joao",
      title          = "{Torqued fireballs in relativistic heavy-ion collisions}",
      journal        = "Phys. Rev.",
      volume         = "C83",
      year           = "2011",
      pages          = "034911",
      doi            = "10.1103/PhysRevC.83.034911",
      eprint         = "1011.3354",
      archivePrefix  = "arXiv",
      primaryClass   = "nucl-th",
      SLACcitation   = "%%CITATION = ARXIV:1011.3354;%%"
}

@article{Bozek:2017jog,
      author         = "Bozek, Piotr and Broniowski, Wojciech and Chatterjee,
                        Sandeep",
      title          = "{Transverse Momentum Fluctuations and Correlations}",
      booktitle      = "{Proceedings, 9th Workshop "Excited QCD" 2017: Sintra,
                        Portugal, May 7-13, 2017}",
      journal        = "Acta Phys. Polon. Supp.",
      volume         = "10",
      year           = "2017",
      pages          = "1091",
      doi            = "10.5506/APhysPolBSupp.10.1091",
      eprint         = "1707.04420",
      archivePrefix  = "arXiv",
      primaryClass   = "nucl-th",
      SLACcitation   = "%%CITATION = ARXIV:1707.04420;%%"
}

@article{Broniowski:2016pvx,
      author         = "Broniowski, Wojciech and Bozek, Piotr and Rybczynski,
                        Maciej",
      title          = "{Wounded quarks at the LHC}",
      booktitle      = "{Proceedings, 10th International Workshop on Critical
                        Point and Onset of Deconfinement (CPOD 2016): Wrocław,
                        Poland}",
      journal        = "Acta Phys. Polon. Supp.",
      volume         = "10",
      year           = "2017",
      pages          = "513",
      doi            = "10.5506/APhysPolBSupp.10.513",
      eprint         = "1611.00250",
      archivePrefix  = "arXiv",
      primaryClass   = "nucl-th",
      SLACcitation   = "%%CITATION = ARXIV:1611.00250;%%"
}


@article{ANISOVICH1978477,
      title          = "{Yields of projectile fragments in hadron-nucleus
                        interactions and the quark structure of hadrons}",
      journal        = "Nuclear Physics B",
      volume         = "133",
      number         = "3",
      pages          = "477 - 489",
      year           = "1978",
      issn           = "0550-3213",
      doi            = "https://doi.org/10.1016/0550-3213(78)90237-7",
      url            = "http://www.sciencedirect.com/science/article/pii/0550321378902377",
      author         = "{V.V. Anisovich and Yu.M. Shabelsky and V.M. Shekhter}"
}

@article{Bialas:1976ed,
      author         = "Bialas, A. and Bleszynski, M. and Czyz, W.",
      title          = "{Multiplicity Distributions in Nucleus-Nucleus Collisions
                        at High-Energies}",
      journal        = "Nucl. Phys.",
      volume         = "B111",
      year           = "1976",
      pages          = "461-476",
      doi            = "10.1016/0550-3213(76)90329-1",
      reportNumber   = "TPJU-9/76",
      SLACcitation   = "%%CITATION = NUPHA,B111,461;%%"
}

@article{Kharzeev:2000ph,
      author         = "Kharzeev, Dmitri and Nardi, Marzia",
      title          = "{Hadron production in nuclear collisions at RHIC and high
                        density QCD}",
      journal        = "Phys. Lett.",
      volume         = "B507",
      year           = "2001",
      pages          = "121-128",
      doi            = "10.1016/S0370-2693(01)00457-9",
      eprint         = "nucl-th/0012025",
      archivePrefix  = "arXiv",
      primaryClass   = "nucl-th",
      SLACcitation   = "%%CITATION = NUCL-TH/0012025;%%"
}

@article{Schenke:2012wb,
      author         = "Schenke, Bjoern and Tribedy, Prithwish and Venugopalan,
                        Raju",
      title          = "{Fluctuating Glasma initial conditions and flow in heavy
                        ion collisions}",
      journal        = "Phys. Rev. Lett.",
      volume         = "108",
      year           = "2012",
      pages          = "252301",
      doi            = "10.1103/PhysRevLett.108.252301",
      eprint         = "1202.6646",
      archivePrefix  = "arXiv",
      primaryClass   = "nucl-th",
      SLACcitation   = "%%CITATION = ARXIV:1202.6646;%%"
}

@article{Song:2007ux,
      author         = "Song, Huichao and Heinz, Ulrich W.",
      title          = "{Causal viscous hydrodynamics in 2+1 dimensions for
                        relativistic heavy-ion collisions}",
      journal        = "Phys. Rev.",
      volume         = "C77",
      year           = "2008",
      pages          = "064901",
      doi            = "10.1103/PhysRevC.77.064901",
      eprint         = "0712.3715",
      archivePrefix  = "arXiv",
      primaryClass   = "nucl-th",
      reportNumber   = "CERN-PH-TH-2007-269",
      SLACcitation   = "%%CITATION = ARXIV:0712.3715;%%"
}

@article{Adam:2015ptt,
      author         = "Adam, Jaroslav and others",
      title          = "{Centrality dependence of the charged-particle
                        multiplicity density at midrapidity in Pb-Pb collisions at
                        $\sqrt{s_{\rm NN}}$ = 5.02 TeV}",
      collaboration  = "ALICE",
      journal        = "Phys. Rev. Lett.",
      volume         = "116",
      year           = "2016",
      number         = "22",
      pages          = "222302",
      doi            = "10.1103/PhysRevLett.116.222302",
      eprint         = "1512.06104",
      archivePrefix  = "arXiv",
      primaryClass   = "nucl-ex",
      reportNumber   = "CERN-PH-EP-2015-324, ALICE-PUBLIC-2015-008",
      SLACcitation   = "%%CITATION = ARXIV:1512.06104;%%"
}

@article{Adam:2014qja,
      author         = "Adam, Jaroslav and others",
      title          = "{Centrality dependence of particle production in p-Pb
                        collisions at $\sqrt{s_{\rm NN} }$= 5.02 TeV}",
      collaboration  = "ALICE",
      journal        = "Phys. Rev.",
      volume         = "C91",
      year           = "2015",
      number         = "6",
      pages          = "064905",
      doi            = "10.1103/PhysRevC.91.064905",
      eprint         = "1412.6828",
      archivePrefix  = "arXiv",
      primaryClass   = "nucl-ex",
      reportNumber   = "CERN-PH-EP-2014-281",
      SLACcitation   = "%%CITATION = ARXIV:1412.6828;%%"
}

@article{Abelev:2013bla,
      author         = "Abelev, Betty Bezverkhny and others",
      title          = "{Multiplicity dependence of the average transverse
                        momentum in pp, p-Pb, and Pb-Pb collisions at the LHC}",
      collaboration  = "ALICE",
      journal        = "Phys. Lett.",
      volume         = "B727",
      year           = "2013",
      pages          = "371-380",
      doi            = "10.1016/j.physletb.2013.10.054",
      eprint         = "1307.1094",
      archivePrefix  = "arXiv",
      primaryClass   = "nucl-ex",
      reportNumber   = "CERN-PH-EP-2013-111",
      SLACcitation   = "%%CITATION = ARXIV:1307.1094;%%"
}

@article{Adam:2016izf,
      author         = "Adam, Jaroslav and others",
      title          = "{Anisotropic flow of charged particles in Pb-Pb
                        collisions at $\sqrt{s_{\rm NN}}=5.02$ TeV}",
      collaboration  = "ALICE",
      journal        = "Phys. Rev. Lett.",
      volume         = "116",
      year           = "2016",
      number         = "13",
      pages          = "132302",
      doi            = "10.1103/PhysRevLett.116.132302",
      eprint         = "1602.01119",
      archivePrefix  = "arXiv",
      primaryClass   = "nucl-ex",
      reportNumber   = "CERN-EP-2016-018",
      SLACcitation   = "%%CITATION = ARXIV:1602.01119;%%"
}

@article{Chatrchyan:2013nka,
      author         = "Chatrchyan, Serguei and others",
      title          = "{Multiplicity and transverse momentum dependence of two-
                        and four-particle correlations in pPb and PbPb
                        collisions}",
      collaboration  = "CMS",
      journal        = "Phys. Lett.",
      volume         = "B724",
      year           = "2013",
      pages          = "213-240",
      doi            = "10.1016/j.physletb.2013.06.028",
      eprint         = "1305.0609",
      archivePrefix  = "arXiv",
      primaryClass   = "nucl-ex",
      reportNumber   = "CMS-HIN-13-002, CERN-PH-EP-2013-077",
      SLACcitation   = "%%CITATION = ARXIV:1305.0609;%%"
}

@article{FM:2013mc,
      author         = {{Foreman-Mackey}, D. and {Hogg}, D.~W. and {Lang}, D. and {Goodman}, J.},
      title          = {emcee: The MCMC Hammer},
      journal        = {PASP},
      year           = 2013,
      volume         = 125,
      pages          = {306--312},
      eprint         = "1202.3665",
      archivePrefix  = "arXiv",
      primaryClass   = "astro-ph.IM",
      doi            = {10.1086/670067},
}

@article{Goodman:2010en,
      title          = {Ensemble samplers with affine invariance},
      author         = {Goodman, Jonathan and Weare, Jonathan},
      journal        = {Comm.App.Math.Comp.Sc.},
      volume         = {5},
      number         = {1},
      pages          = {65--80},
      year           = {2010},
      doi            = "10.2140/camcos.2010.5.65",
}

@article{OHagan:2006ba,
      author         = "O’Hagan, Anthony",
      title          = "{Bayesian analysis of computer code outputs: a tutorial}",
      journal        = "Rel.Engin.Sys.Safety",
      volume         = "91",
      number         = "10–11",
      pages          = "1290-1300",
      year           = "2006",
      doi            = "10.1016/j.ress.2005.11.025",
}

@article{Higdon:2008cmc,
      author         = "Higdon, Dave and Gattiker, James and Williams, Brian
                        and Rightley, Maria",
      title          = "{Computer model calibration using high-dimensional output}",
      journal        = "J.Amer.Stat.Assoc.",
      volume         = "103",
      number         = "482",
      year           = "2008",
      pages          = "570",
      doi            = "10.1198/016214507000000888",
}

@article{Higdon:2014tva,
      author         = "Higdon, Dave and McDonnell, Jordan D. and Schunck,
                        Nicolas and Sarich, Jason and Wild, Stefan M",
      title          = "{A Bayesian Approach for Parameter Estimation and
                        Prediction using a Computationally Intensive Model}",
      journal        = "J.Phys.",
      number         = "3",
      volume         = "G42",
      pages          = "034009",
      doi            = "10.1088/0954-3899/42/3/034009",
      year           = "2015",
      eprint         = "1407.3017",
      archivePrefix  = "arXiv",
      primaryClass   = "physics.data-an",
      SLACcitation   = "%%CITATION = ARXIV:1407.3017;%%",
}

@article{Morris:1995lh,
      author         = "Morris, Max D. and Mitchell, Toby J.",
      title          = "{Exploratory designs for computational experiments}",
      journal        = "J.Stat.Plan.Inf.",
      volume         = "43",
      number         = "3",
      pages          = "381-402",
      year           = "1995",
      doi            = "10.1016/0378-3758(94)00035-T",
}

@article{Tipping:1999,
      author = {Tipping, Michael E. and Bishop, Christopher M.},
      title = {Mixtures of Probabilistic Principal Component Analyzers},
      journal = {Neural Comput.},
      issue_date = {Feb. 15, 1999},
      volume = {11},
      number = {2},
      month = feb,
      year = {1999},
      issn = {0899-7667},
      pages = {443--482},
      numpages = {40},
      url = {http://dx.doi.org/10.1162/089976699300016728},
      doi = {10.1162/089976699300016728},
      acmid = {309427},
      publisher = {MIT Press},
      address = {Cambridge, MA, USA},
}

@article{Bozek:2011if,
      author         = "Bozek, Piotr",
      title          = "{Collective flow in p-Pb and d-Pd collisions at TeV
                        energies}",
      journal        = "Phys. Rev.",
      volume         = "C85",
      year           = "2012",
      pages          = "014911",
      doi            = "10.1103/PhysRevC.85.014911",
      eprint         = "1112.0915",
      archivePrefix  = "arXiv",
      primaryClass   = "hep-ph",
      SLACcitation   = "%%CITATION = ARXIV:1112.0915;%%"
}

@article{Bozek:2013uha,
      author         = "Bozek, Piotr and Broniowski, Wojciech",
      title          = "{Collective dynamics in high-energy proton-nucleus
                        collisions}",
      journal        = "Phys. Rev.",
      volume         = "C88",
      year           = "2013",
      number         = "1",
      pages          = "014903",
      doi            = "10.1103/PhysRevC.88.014903",
      eprint         = "1304.3044",
      archivePrefix  = "arXiv",
      primaryClass   = "nucl-th",
      SLACcitation   = "%%CITATION = ARXIV:1304.3044;%%"
}

@book{Rasmussen:2006gp,
      author         = "Rasmussen, Carl Edward and Williams, Christopher K. I.",
      title          = "Gaussian Processes for Machine Learning",
      publisher      = "MIT Press",
      address        = "Cambridge, MA",
      year           = 2006,
      url            = "http://www.gaussianprocess.org/gpml",
}
