@article{Shen:2016mmv,
      author         = "Shen, Chun and Paquet, Jean-François and Denicol,
                        Gabriel S. and Jeon, Sangyong and Gale, Charles",
      title          = "{Electromagnetic radiation and collectivity in small
                        quark–gluon droplets}",
      booktitle      = "{Proceedings, 8th International Conference on Hard and
                        Electromagnetic Probes of High-energy Nuclear Collisions:
                        Hard Probes 2016 (HP2016): Wuhan, Hubei, China, September
                        23-27, 2016}",
      journal        = "Nucl. Part. Phys. Proc.",
      volume         = "289-290",
      year           = "2017",
      pages          = "161-164",
      doi            = "10.1016/j.nuclphysbps.2017.05.034",
      eprint         = "1612.05464",
      archivePrefix  = "arXiv",
      primaryClass   = "nucl-th",
      SLACcitation   = "%%CITATION = ARXIV:1612.05464;%%"
}
